<record><leader>00000cas a2200000 a 4500</leader><controlfield tag="001">13661555</controlfield><controlfield tag="008">860530u1885uuuutxucr ne      0    0eng d</controlfield><datafield ind1=" " ind2=" " tag="010"><subfield code="a">sn 86063717 </subfield></datafield><datafield ind1=" " ind2=" " tag="040"><subfield code="a">KSH</subfield><subfield code="b">eng</subfield><subfield code="c">KSH</subfield><subfield code="d">NPT</subfield><subfield code="d">PPM</subfield><subfield code="d">OCL</subfield><subfield code="d">OCLCQ</subfield></datafield><datafield ind1=" " ind2=" " tag="042"><subfield code="a">msc</subfield></datafield><datafield ind1="0" ind2="0" tag="245"><subfield code="a">Corsicana semi-weekly light.</subfield></datafield><datafield ind1=" " ind2=" " tag="260"><subfield code="a">Corsicana, Tex. :</subfield><subfield code="b">Sun-light Pub. Co.</subfield></datafield><datafield ind1=" " ind2=" " tag="300"><subfield code="a">v. :</subfield><subfield code="b">ill. ;</subfield><subfield code="c">57 cm.</subfield></datafield><datafield ind1=" " ind2=" " tag="310"><subfield code="a">Semiweekly</subfield></datafield><datafield ind1="1" ind2=" " tag="362"><subfield code="a">Began in 1885.</subfield><subfield code="z">Cf. Ayer, 1920.</subfield></datafield><datafield ind1="0" ind2=" " tag="362"><subfield code="a">-v. 84, no. 174 (Nov. 20, 1970).</subfield></datafield><datafield ind1=" " ind2=" " tag="500"><subfield code="a">Publisher: Wortham &amp; Martin &lt;1923&gt;</subfield></datafield><datafield ind1=" " ind2=" " tag="588"><subfield code="a">Description based on: Vol. 30, no. 51 (Apr. 2, 1915).</subfield></datafield><datafield ind1=" " ind2=" " tag="752"><subfield code="a">United States</subfield><subfield code="b">Texas</subfield><subfield code="c">Navarro</subfield><subfield code="d">Corsicana.</subfield></datafield><datafield ind1="0" ind2="0" tag="785"><subfield code="t">Corsicana weekly light</subfield></datafield><datafield ind1="1" ind2=" " tag="029"><subfield code="a">AU@</subfield><subfield code="b">000022168832</subfield></datafield></record>